% This file was created with JabRef 2.5.
% Encoding: GBK

@ARTICLE{auer2002finite,
  author = {Auer, Peter and Cesa-Bianchi, Nicol{\`o} and Fischer, Paul},
  title = {Finite-time analysis of the multi-armed bandit problem},
  journal = {Machine learning},
  year = {2002},
  volume = {47},
  pages = {235--256},
  number = {2-3}
}

@ARTICLE{barto1995learning,
  author = {Barto, Andrew G and Bradtke, Steven J and Singh, Satinder P},
  title = {Learning to act using real-time dynamic programming},
  journal = {Artificial Intelligence},
  year = {1995},
  volume = {72},
  pages = {81--138},
  number = {1}
}

@INPROCEEDINGS{boutilier1996planning,
  author = {Boutilier, Craig},
  title = {Planning, learning and coordination in multi-agent decision processes},
  booktitle = {Proceedings of the 6th conference on Theoretical aspects of rationality
	and knowledge},
  year = {1996},
  pages = {195--210}
}

@INPROCEEDINGS{kocsis2006bandit,
  author = {Kocsis, Levente and Szepesv{\'a}ri, Csaba},
  title = {Bandit based monte-carlo planning},
  booktitle = {Proc. of the 17th European Conf. on Machine Learning},
  year = {2006},
  pages = {282--293}
}

@INPROCEEDINGS{alvarez09,
  author = {Mauricio, A and Luengo, David and Lawrence, Neil D and others},
  title = {Latent force models},
  booktitle = {Intl. Conf. on AI and Statistics},
  year = {2009},
  pages = {9--16}
}

@INPROCEEDINGS{reece10,
  author = {Reece, Steven and Roberts, Stephen},
  title = {An introduction to Gaussian processes for the Kalman filter expert},
  booktitle = {Prof. of Intl. Conf. on Information Fusion (FUSION)},
  year = {2010},
  pages = {1--9},
  organization = {IEEE}
}



@article{drury:etal:2009,
author = {J. Drury and C. Cocking and S. Reicher},
title = {Everyone for themselves? A comparative study of crowd solidarity among emergency survivors},
journal =  {The British journal of social psychology},
volume = {48},
number = {3},
pages = {487--506},
year = {2009},
}

@inproceedings{Fischer:etal:2012,
author = {J. E. Fischer and M. Flintham and D. Price and J. Goulding and N. Pantidi and T. Rodden},
title = {Serious mixed reality games},
booktitle = {Mixed Reality games Workshop at the 2012 ACM Conference on Computer Supported Cooperative Work},
year = {2012},
}

@misc{paho:2001,
author = {{Pan American Health Organization}},
title = {Stress management in disasters},
year= {2001},
}

@INPROCEEDINGS{Chapman2009,
  author = {A. Chapman and R. A. Micillo and R. Kota and N. R. Jennings},
  title = {Decentralised Dynamic Task Allocation: A Practical Game-Theoretic
	Approach},
  booktitle = {Proc. of AAMAS 2009},
  year = {2009},
  pages = {915--922},
  month = {May}
}
@inproceedings{koes2006constraint,
  title={Constraint optimization coordination architecture for search and rescue robotics},
  author={M. Koes and I. Nourbakhsh and K. Sycara},
  booktitle={Proceedings of IEEE Intl. Conf. on Robotics and Automation},
  pages={3977--3982},
  year={2006},
  organization={IEEE},
}
@article{ramchurn:etal:2010,
  author    = {S. D. Ramchurn and
               A. Farinelli and
               K. S. Macarthur and
               N. R. Jennings},
  title     = {Decentralized Coordination in RoboCup Rescue},
  journal   = {The Computer Journal},
  volume    = {53},
  number    = {9},
  year      = {2010},
  pages     = {1447-1461},
}
@inproceedings{ramchurn:etal:2010b,
  author    = {S. D. Ramchurn and
               M. Polukarov and
               A. Farinelli and
               N. C. Truong and
               N. R. Jennings},
  title     = {Coalition formation with spatial and temporal constraints},
  booktitle = {AAMAS},
  year      = {2010},
  pages     = {1181-1188},
}

@incollection{searle:1975,
author = {J. Searle},
title = {A Taxonomy of Illocutionary Acts},
booktitle = {Language, Mind, and Knowledge, (Minneapolis Studies in the Philosophy of Science},
volume = {7},
editor = {K. G\"{u}nderson},
publisher = {University of Minneapolis Press},
year  = {1975},
pages = {344--69},
}
@article{kitano:2001,
  author    = {H.  Kitano and
               S. Tadokoro},
  title     = {RoboCup Rescue: A Grand Challenge for Multiagent and Intelligent
               Systems},
  journal   = {AI Magazine},
  volume    = {22},
  number    = {1},
  year      = {2001},
  pages     = {39-52},
}
@article{bradshawpaper,
  title={Trust in Automation},
  author={Hoffman, R. R. and Johnson, M. and Bradshaw, J. M.},
  journal={IEEE Intelligent Systems},
  volume={28},
  number={1},
  pages={84-88},
  year={2013},
  publisher={IEEE}
}
@article{scerri:etal:2005,
  title={Towards Adjustable autonomy for the Real-World},
  author={P. Scerri and M. Tambe and D. V. Pynadath},
  journal={Journal of Artificial Intelligence Research},
  volume={17},
  number={1},
  pages={171--228},
  year={2002}
}

@CONFERENCE{Scerri2005,
  author = {Scerri, P. and Farinelli, A. and Okamoto, S. and Tambe, M.},
  title = {{Allocating tasks in extreme teams}},
  booktitle = {Proc. of AAMAS 2005},
  year = {2005},
  pages = {727--734},
  organization = {ACM}
}
@incollection{simonovic:2009,
author = {S. P. Simonovic},
year  = {2009},
title = {Systems Approach to Management of Disasters: Methods and Applications},
booktitle = {Disaster Prevention and Management},
volume  = {20},
publisher = {Wiley},
}

@ARTICLE{kolobov2012planning,
  author = {Mausam and Kolobov, Andrey},
  title = {Planning with Markov Decision Processes: An AI Perspective},
  journal = {Synthesis Lectures on Artificial Intelligence and Machine Learning},
  year = {2012},
  volume = {6},
  pages = {1--210},
  number = {1}
}

@INPROCEEDINGS{proper2009solving,
  author = {Proper, Scott and Tadepalli, Prasad},
  title = {Solving multiagent assignment markov decision processes},
  booktitle = {Proc. of AAMAS 2009},
  year = {2009},
  pages = {681--688}
}
